% opencirrus
% eucalyptus
% yaml
% futuregrid  see gergor

@misc{www-marshmallow,
	title = {marshmallow: simplified object serialization },
	url = {https://marshmallow.readthedocs.io/en/stable},
	month = dec,
	year = 2020,
    howpublished={Web Page},
}

@misc{www-connexion,
author = {{Zalando}},
title = {Connexion: Swagger/OpenAPI First framework for Python on top of Flask with automatic endpoint validation \& OAuth2 support},
url = {https://github.com/zalando/connexion},
    month = aug,
    year = 2020,
    howpublished={GitHub},
}

@misc{www-python-rest-best,
    author = {Shyam Purkayastha},
    title = {Top 15 Best Python REST API Frameworks (2021)},
    url = {https://rapidapi.com/blog/best-python-api-frameworks/},
    month = jan,
    year = 2021,
    howpublished={Web Page},
}

@misc{www-drf-spectacular,
    author = {T. Franzel},
    title = {tfranzel/drf-spectacular: Sane and flexible OpenAPI 3 schema generation for Django REST framework.},
    url = {https://github.com/tfranzel/drf-spectacular},
    month = jan,
    year = 2021,
    howpublished={GitHub},
}

@misc{www-drf-yasg,
    author = {Cristi Vîjdea},
    title = {drf-yasg: Automated generation of real Swagger/OpenAPI 2.0 schemas from Django REST Framework code.},
    url = {https://github.com/axnsan12/drf-yasg},
    month = jan,
    year = 2021,
    howpublished={GitHub},
}

@misc{www-django-rest-swagger,
    author = {Marc Gibbons},
    title = {marcgibbons/django-rest-swagger: Swagger Documentation Generator for Django REST Framework: deprecated},
    url = {https://github.com/marcgibbons/django-rest-swagger},
    month = nov,
    year = 2018,
    howpublished={GitHub},
}

@misc{www-pyswagger,
    author = {pyopenapi},
    title = {pyswagger: An OpenAPI (fka Swagger) client \& converter in python, which is type-safe, dynamic, spec-compliant.},
    url = {https://github.com/pyopenapi/pyswagger},
    month = jun,
    year = 2018,
}

@misc{www-openapi-core,
    author = {p1c2u},
    title = {p1c2u/openapi-core: OpenAPI core},
    url = {https://github.com/p1c2u/openapi-core},
    month = jan,
    year = 2021,
    howpublished={GitHub},
}

@misc{www-flask-swagger-ui,
author = {sevint},
title = {flask-swagger-ui: Swagger UI blueprint for flask},
url = {https://github.com/sveint/flask-swagger-ui},
    month = jan,
    year = 2021,
    howpublished={GitHub},
}

@misc{www-flask-restplus,
    author = {Axel Haustant},
    title = {Welcome to Flask-RESTPlus’s documentation! — Flask-RESTPlus 0.13.0 documentation},
    url = {https://flask-restplus.readthedocs.io/en/stable/},
    month = jan,
    year = 2021,
    howpublished={GitHub},
}

@misc{www-flask-swagger,
    author = {{Flask Swagger}},
    title = {Flask-swagger: A swagger 2.0 spec extractor for flask},
    url = {https://github.com/gangverk/flask-swagger},
    month = jan,
    year = 2021,
    howpublished={GitHub},
}

@misc{www-flask-apispec,
	author = {Joshua Carp},
	title = {{flask-apispec}},
	url = {https://github.com/jmcarp/flask-apispec},
    month = jan,
    year = 2021,
    howpublished={GitHub},
}

@misc{www-aiohttp-apispec,
	author = {Maksim Danilchenko},
	title = {{aiohttp-apispec}},
	url = {https://github.com/maximdanilchenko/aiohttp-apispec},
    month = jan,
    year = 2021,
    howpublished={GitHub},
}

@misc{www-apispec,
	author = {marshmallow-code},
	title = {{apispec}},
	url = {https://github.com/marshmallow-code/apispec},
    month = jan,
    year = 2021,
    howpublished={GitHub},
}

@misc{www-sticker,
	author = {Rafael Carício},
	title = {{sticker}},
	url = {https://github.com/rafaelcaricio/sticker},
    month = dec,
    year = 2019,
    howpublished={GitHub},
}

@misc{www-aio-openapi,
	author = {quantmind},
	title = {{aio-openapi}},
	url = {https://github.com/quantmind/aio-openapi},
    month = jan,
    year = 2021,
    howpublished={GitHub},
}

@misc{www-pyramid-openapi3,
	author = {Pylons Project},
	title = {{pyramid{$\_$}openapi3}},
	url = {https://github.com/Pylons/pyramid_openapi3},
    month = jan,
    year = 2021,
    howpublished={GitHub},
}

@misc{www-apis-guru,
    author = {APIs.guru},
	title = {{APIs.guru awesome-openapi3}},
	url = {https://apis.guru/awesome-openapi3/category.html},
    month = jan,
    year = 2021,
    howpublished={GitHub},
}

@misc{www-falcon-apispec,
	author = {Aly Sivji},
	title = {{falcon-apispec}},
	url = {https://github.com/alysivji/falcon-apispec},
    month = jan,
    year = 2021,
	howpublished={GitHub},
}

@misc{www-drf-spectacular,
	author = {T. Franzel},
	title = {{drf-spectacular}},
    url = {https://github.com/tfranzel/drf-spectacular},
    month = jan,
    year = 2021,
    howpublished={GitHub},
}

@misc{www-drf-yasg,
	author = {Cristi Vîjdea},
	title = {{drf-yasg}},
	url = {https://github.com/axnsan12/drf-yasg},
    month = jan,
    year = 2021,
	howpublished={GitHub},
}

@misc{www-flaskrestx,
	author = {python-restx},
	title = {{flask-restx}},
	url = {https://github.com/python-restx/flask-restx},
    month = jan,
    year = 2021,
    howpublished={GitHub},
}

% IMPORATNT see MONTH year without bcracets, you can past copy from bellow ... ;-)

@misc{www-flasgger,
    author = {Flasgger},
    title = {Flasgger: Easy OpenAPI specs and Swagger UI for your Flask API},
    url = {https://github.com/flasgger/flasgger},
    month = jan,
    year = 2021,
    howpublished={GitHub},
}

@misc{www-safrs,
    author = {Thomas Pollet},
    title = {SAFRS: SqlAlchemy Flask-Restful Swagger Json:API OpenAPI},
    url = {https://github.com/thomaxxl/safrs},
    month = jan,
    year = 2021,
    howpublished={GitHub},
}

@misc{www-openapi-from-code,
    author = {Lukas Rosenstock},
    title = {How to Generate OpenAPI Definitions From Code},
    url = {https://www.blazemeter.com/blog/how-to-generate-openapi-definitions-from-code},
    month = jan,
    year = 2021,
    howpublished={Web Page},
}

@misc{www-swagger-integration,
author = {Swagger},
title = {Java Integration | Swagger Open Source},
url = {https://swagger.io/tools/open-source/open-source-integrations/},
month = jan,
year = 2021,
howpublished={Web Page},
}

@misc{www-pyramid,
author = {{Pyramid}},
title = {Pyramid, a Python Web Framework},
url = {https://trypyramid.com/},
month = jan,
year = 2021,
howpublished={Web Page},
}

@misc{www-web2py,
author = {{Web2Py}},
title = {Web2py Home Page},
url = {http://www.web2py.com/},
month = jan,
year = 2021,
howpublished={Web Page},
}

@misc{www-turbogears,
author = {{TurboGears}},
title = {TurboGears 2 documentation},
url = {https://turbogears.org/},
month = jan,
year = 2021,
howpublished={Web Page},
}
@misc{www-bottle,
author = {{Bottle}},
title = {Bottle: A fast and simple micro-framework for python web-applications},
url = {https://github.com/bottlepy/bottle},
month = jan,
year = 2021,
howpublished={GitHub},
}

@misc{www-falcon,
author = {{Falcon}},
title = {Falcon: The no-nonsense, minimalist REST and app backend framework for Python developers, with a focus on reliability, correctness, and performance at scale},
url = {https://github.com/falconry/falcon},
month = jan,
year = 2021,
howpublished={GitHub},
}

@misc{www-sanic,
author = {{Sanic Contributors}},
title = {Sanic — Sanic 20.12.0 documentation},
url = {https://sanic.readthedocs.io/en/latest/},
month = jan,
year = 2021,
howpublished={GitHub},
}

@misc{www-tornado,
author = {{The Tornado Authors}},
title = {Tornado: A Python web framework and asynchronous networking library},
url = {https://github.com/tornadoweb/tornado},
month = jan,
year = 2021,
howpublished={GitHub},
}

@misc{www-hugapi,
author = {Timothy Crosley},
title = {Hug API},
url = {https://github.com/hugapi/hug},
month = aug,
year = 2020,
howpublished={GitHub},
}

%verified last updated in jan 21
@misc{www-fastapi,
author = {{Sebastián Ramírez}},
title = {FastAPI framework, high performance, easy to learn, fast to code, ready for production},
url = {https://github.com/tiangolo/fastapi},
month = jan,
year = 2021,
howpublished={GitHub},
}

@misc{las-20-ai-rest,
  title =	 {\censor{Using GAS for Speedy Generation of Hybrid
                  Multi-Cloud Auto Generated AI Services}},
  author =	 {\censor{von Laszewski, Gregor and Anthony Orlowski and
                  Richard H. Otten and Reilly Markowitz and Sunny
                  Gandhi and Adam Chai and Geoffrey C. Fox and Wo
                  L. Chang}},
  howpublished = {UROC},
  note =	 {\censor{Indiana Iniversity}},
  month =	 dec,
  year =	 2020
}

@misc{las-uroc-20,
  title =	 {Towards Automatically Generated Hybrid Multi-Cloud
                  AI Services},
  author =	 {von Laszewski, Gregor and Anthony Orlowski and
                  Richard Otten and Adam Chai and Reilly Markowitz and
                  Sunny Gandhi and Caleb Wilson},
  howpublished = {UROC},
  note =	 {Indiana University},
  month =	 dec,
  year =	 2020
}

@misc{www-python-requests,
  author =	 {{Requests}},
  title =	 {{Requests: HTTP for Humans}},
  year =	 2020,
  month =	 dec,
  url =		 {https://requests.readthedocs.io/en/master}
}

@misc{www-cloudmesh-openapi-security,
  author =	 {\censor{{cloudmesh.org}}},
  title =	 {{\Cloudmesh OpenAPI Security}},
  journal =	 {GitHub},
  year =	 2020,
  month =	 dec,
  CENSORurl =
                  {https://github.com/cloudmesh/cloudmesh-openapi/blob/main/README-security.md}
}

@misc{www-python-typing,
  title =	 {{PEP 484 -- Type Hints}},
  author =	 {Python},
  year =	 2020,
  month =	 dec,
  url =		 {https://www.python.org/dev/peps/pep-0484}
}

@inproceedings{las-comet,
  author =	 {Wagner, Rick and Papadopoulos, Philip and Mishin,
                  Dmitry and Cooper, Trevor and Tatineti, Mahidhar and
                  von Laszewski, Gregor and Wang, Fugang and Fox,
                  Geoffrey C.},
  title =	 {User Managed Virtual Clusters in Comet},
  year =	 2016,
  isbn =	 9781450347556,
  publisher =	 {Association for Computing Machinery},
  address =	 {New York, NY, USA},
  url =		 {https://doi.org/10.1145/2949550.2949555},
  doi =		 {10.1145/2949550.2949555},
  booktitle =	 {Proceedings of the XSEDE16 Conference on Diversity,
                  Big Data, and Science at Scale},
  articleno =	 24,
  numpages =	 8,
  keywords =	 {Supercomputer, Virtual machine},
  location =	 {Miami, USA},
  series =	 {XSEDE16}
}

@techreport{las20book-cloudeng,
  address =	 {Bloomington IN, U.S.A.},
  author =	 {von Laszewski, Gregor},
  institution =	 {Indiana University},
  title =	 {Cloud Computing},
  type =	 {Online Book},
  epub =
                  {https://cloudmesh-community.github.io/pub//vonLaszewski-cloud.epub},
  url =
                  {https://cloudmesh-community.github.io/pub//vonLaszewski-cloud.pdf},
  year =	 2020,
  month =	 sep
}

@misc{connexion-security,
  author =	 {{Connexion}},
  title =	 {{Security Connexion 2.0 documentation}},
  year =	 2019,
  month =	 {Oct},
  url =
                  {https://connexion.readthedocs.io/en/latest/security.html}
}

@inproceedings{opencirrus,
  author =	 {Campbell, Roy and Gupta, Indranil and Heath, Michael
                  and Ko, Steven Y. and Kozuch, Michael and Kunze,
                  Marcel and Kwan, Thomas and Lai, Kevin and Lee, Hing
                  Yan and Lyons, Martha and Milojicic, Dejan and
                  O'Hallaron, David and Soh, Yeng Chai},
  title =	 {Open CirrusTMCloud Computing Testbed: Federated Data
                  Centers for Open Source Systems and Services
                  Research},
  year =	 2009,
  publisher =	 {USENIX Association},
  address =	 {USA},
  booktitle =	 {Proceedings of the 2009 Conference on Hot Topics in
                  Cloud Computing},
  articleno =	 1,
  numpages =	 5,
  location =	 {San Diego, California},
  series =	 {HotCloud'09}
}

@inproceedings{futuregrid,
  author =	 {von Laszewski, Gregor and Diaz, Javier and Wang,
                  Fugang and Younge, Andrew J. and Kulshrestha, Archit
                  and Fox, Geoffrey},
  title =	 {Towards Generic FutureGrid Image Management},
  year =	 2011,
  isbn =	 9781450308885,
  publisher =	 {Association for Computing Machinery},
  address =	 {New York, NY, USA},
  url =		 {https://doi.org/10.1145/2016741.2016758},
  doi =		 {10.1145/2016741.2016758},
  abstract =	 {In this paper, we briefly outline the current design
                  of a generic image management service for
                  FutureGrid. The service is intended to generate,
                  store, and verify images while interfacing with
                  different localized cloud IaaS image. Additionally,
                  we will also use the service to generate images for
                  traditional bare-metal deployments.},
  booktitle =	 {Proceedings of the 2011 TeraGrid Conference: Extreme
                  Digital Discovery},
  articleno =	 15,
  numpages =	 2,
  keywords =	 {image generation, image repository, cloud computing,
                  image management},
  location =	 {Salt Lake City, Utah},
  series =	 {TG '11}
}

@misc{www-opencirrus,
  title =	 {Open Cirrus},
  howpublished = {Web page},
  url =
                  {https://www.hpl.hp.com/news/2010/jan-mar/Open_Cirrus.html},
  author =	 {{Hewlett Packard}},
  month =	 jan,
  year =	 2010,
}

@article{scikit-learn,
  title =	 {Scikit-learn: Machine Learning in {P}ython},
  author =	 {Pedregosa, F. and Varoquaux, G. and Gramfort, A. and
                  Michel, V.  and Thirion, B. and Grisel, O. and
                  Blondel, M. and Prettenhofer, P.  and Weiss, R. and
                  Dubourg, V. and Vanderplas, J. and Passos, A. and
                  Cournapeau, D. and Brucher, M. and Perrot, M. and
                  Duchesnay, E.},
  journal =	 {Journal of Machine Learning Research},
  volume =	 12,
  pages =	 {2825--2830},
  year =	 2011
}

@misc{spambase_data_set,
  title =	 {Spambase {D}ata {S}et},
  howpublished = {Web Page},
  url =		 {https://archive.ics.uci.edu/ml/datasets/spambase},
  author =	 {{UCI Machine Learning Repository}},
  month =	 dec,
  year =	 2020,
}

@misc{www-yaml,
  title =	 {YAML: YAML Ain't Markup Language},
  howpublished = {Web page},
  url =		 {https://yaml.org/},
  author =	 {{Oren Ben-Kiki, Clark Evans, Ingy döt Net}},
  month =	 oct,
  year =	 2009,
}

@misc{www-eucalyptus,
  title =	 {Eucalyptus},
  howpublished = {Web page},
  url =		 {https://www.eucalyptus.cloud/},
  author =	 {{Eucalyptus Systems, Inc.}},
  month =	 dec,
  year =	 2020,
}

@misc{daniel,
  title =	 {How to write an {ACM}-styled conference paper using
                  {M}arkdown/{P}andoc},
  howpublished = {Webpage},
  url =
                  {https://ineed.coffee/4008/how-to-write-an-acm-styled-conference-paper-using-markdownpandoc},
  author =	 {Graziotin, Daniel}
}

@Misc{www-skikit-learn-faces,
  author =	 {{SciKit Learn}},
  title =	 {Faces recognition example using eigenfaces and SVMs},
  howpublished = {Web Page},
  month =	 dec,
  year =	 2020,
  url =
                  {https://scikit-learn.org/stable/auto_examples/applications/plot_face_recognition.html},
}

@Misc{www-skikit-learn-pipeline,
  author =	 {{SciKit Learn P}},
  title =	 {Pipeline Anova SVM — scikit-learn 0.23.2
                  documentation},
  howpublished = {Web Page},
  month =	 dec,
  year =	 2020,
  url =
                  {https://scikit-learn.org/stable/auto_examples/feature_selection/plot_feature_selection_pipeline.html},
}

@INPROCEEDINGS{faces-data,
  author =	 {G. B. {Huang} and V. {Jain} and E. {Learned-Miller}},
  booktitle =	 {2007 IEEE 11th International Conference on Computer
                  Vision},
  title =	 {Unsupervised Joint Alignment of Complex Images},
  publisher =	 {IEEE},
  year =	 2007,
  pages =	 {1-8},
  doi =		 {10.1109/ICCV.2007.4408858},
  url =
                  {http://vis-www.cs.umass.edu/papers/iccv07alignment.pdf}
}

@Manual{cloudmesh-manual,
  title =	 {\Cloudmesh Manual},
  author =	 {\censor{Gregor von Laszewski}},
  organization = {\censor{cloudmesh.org}},
  month =	 dec,
  year =	 2020,
  CENSORurl =		 {https://cloudmesh.github.io/cloudmesh-manual/}
}

@Misc{cloudmesh-openapi,
  author =	 {\censor{Gregor von Laszewski}},
  title =	 {\censor{Cloudmesh OpenAPI Repository for automatically
                  generated REST services from Python functions}},
  howpublished = {Web Page},
  month =	 dec,
  year =	 2020,
  CENSORurl =		 {https://github.com/cloudmesh/cloudmesh-openapi}
}

@Misc{cloudmesh-github,
  author =	 {\censor{Gregor von Laszewski}},
  title =	 {\Cloudmesh Repositories},
  howpublished = {Github},
  month =	 dec,
  year =	 2020,
  CENSORurl =		 {https://github.com/cloudmesh/}
}

@misc{openapi-2,
  key =		 {OpenAPI},
  title =	 {OpenAPI-Specification 2.0},
  url =       {https://github.com/OAI/OpenAPI-Specification/blob/master/versions/2.0.md},
  author =	 {Darrel Miller and Jason Harmon and Jeremy Whitlock
                  and Kris Hahn and Marsh Gardiner and Mike Ralphson
                  and Rob Dolin and Ron Ratovsky and Tony Tam},
  month =	 dec,
  year =	 2020,
}

@misc{openapi-3,
  key =		 {OpenAPI},
  title =	 {OpenAPI-Specification 3.0.3},
  url =		 {https://github.com/OAI/OpenAPI-Specification/},
  author =	 {Darrel Millerand Jason Harmon and Jeremy Whitlock
                  and Kris Hahn and Marsh Gardiner and Mike Ralphson
                  and Rob Dolin and Ron Ratovsky and Tony Tam},
  month =	 dec,
  year =	 2020,
}

@misc{raml-1,
  key =		 {RAML},
  title =	 {RAML Version 1.0: RESTful API Modeling Language},
  url =
                  {https://github.com/raml-org/raml-spec/blob/master/versions/raml-10/raml-10.md},
  author =	 {Jonathan Stoikovitch, Uri Sarid, et al.},
  month =	 jun,
  year =	 2019,
}

@misc{www-flask-restful,
author = {Kevin Burke and Kyle Conroy and Ryan Horn and Frank Stratton and Guillaume Binet},
title = {Flask-RESTful — Flask-RESTful 0.3.8 Documentation},
organization = {The Pallets Projects},
url = {https://flask-restful.readthedocs.io/en/latest/},
month = dec,
year = 2020,
}

@misc{www-django-rest,
  key =		 {django},
  title =	 {Django REST Framework},
  author =	 {Tom Christie and Xavier Ordoquy and Carlton Gibson
                  and Kevin Brown and Jose Padilla},
  url =		 {https://www.django-rest-framework.org/},
  month =	 dec,
  year =	 2020,
}

@misc{www-openapi-tools,
  key =		 {openapi},
  title =	 {OpenAPI.Tools},
  url =		 {https://openapi.tools/},
  authors =	 {Matt Trask, Mike Ralphson, Keshav Vasudevan, et al.},
  month =	 dec,
  year =	 2020,
}

@techreport{nist-cloud-standard,
  title =	 {The NIST definition of cloud computing},
  author =	 {Mell, Peter and Grance, Tim and others},
  year =	 2011,
  institution =	 {Computer Security Division, Information Technology
                  Laboratory, National Institute of Standards and
                  Technology},
  url =
                  {https://nvlpubs.nist.gov/nistpubs/Legacy/SP/nistspecialpublication800-145.pdf}
}

@misc{www-tensorflow-enterprise,
  author =	 {{Google}},
  title =	 {Google Cloud Tensor Flow Enterprise},
  url =		 {https://cloud.google.com/tensorflow-enterprise},
  month =	 dec,
  year =	 2020,
}

@misc{amazon-polly,
  author =	 {{Amazon}},
  title =	 {Amazon Polly},
  url =		 {https://aws.amazon.com/polly/},
  month =	 dec,
  year =	 2020,
}

@misc{amazon-instances,
  author =	 {{Amazon}},
  title =	 {Amazon EC2 Instance Types - Amazon Web Services},
  url =		 {https://aws.amazon.com/ec2/instance-types/},
  month =	 dec,
  year =	 2020,
}

@misc{google-instances,
  author =	 {{Google}},
  title =	 {Google Cloud Machine types},
  url =		 {https://cloud.google.com/compute/docs/machine-types},
  month =	 dec,
  year =	 2020,
}

@Book{las-book-cloud,
  editor =	 {Gregor von Laszewski},
  title =	 {Cloud Computing},
  publisher =	 {Indiana University},
  year =	 2020,
  url =
                  {https://cloudmesh-community.github.io/pub//vonLaszewski-cloud.pdf}
}

@misc{mlperf,
  author =	 {{MLPerf}},
  title =	 {MLPerf Web Site},
  url =		 {https://mlperf.org/},
  month =	 jun,
  year =	 2020
}

@Misc{www-cloudmesh-spec-eve,
  title =	 {Cloudmesh REST services example objects
                  specification},
  url = {https://github.com/cloudmesh/cloudmesh.rest/tree/master/cloudmesh/specification/examples},
  month =	 dec,
  year =	 2020,
}

@Misc{www-eve,
  title =	 {Python-Eve},
  url =		 {http://python-eve.org/},
  month =	 dec,
  year =	 2020,
}

@Misc{www-evegenie,
  title =	 {Evegenie},
  url =		 {https://github.com/drud/evegenie},
  month =	 dec,
  year =	 2020,
}

@Misc{www-cerberus,
  title =	 {Cerberus},
  url =		 {http://docs.python-cerberus.org/en/stable/},
  month =	 dec,
  year =	 2020,
}

@Misc{www-slurm,
  title =	 {Slurm},
  url =		 {https://slurm.schedmd.com},
  month =	 dec,
  year =	 2020,
}

@misc{www-oracle-cloud,
  author =	 {{Oracle}},
  title =	 {Oracle Cloud Infrastructure (OCI)},
  year =	 2020,
  month =	 dec,
  url =		 {https://www.oracle.com/cloud}
}

@misc{www-kubernetes,
  author =	 {{kubernetes.io}},
  title =	 {Kubernetes},
  url =		 {https://kubernetes.io/},
  howpublished = {Web Page},
  month =	 dec,
  year =	 2020,
}

@misc{kubernetes-image,
  author =	 {{kubernetes.io}},
  title =	 {Kubernetes Components},
  url =
                  {https://kubernetes.io/docs/concepts/overview/components/},
  howpublished = {Web Page},
  month =	 aug,
  year =	 2020,
}

@misc{www-docker,
  author =	 {{docker.com}},
  title =	 {{Docker: Empowering App Development for Developers}},
  year =	 2020,
  month =	 dec,
  url =		 {https://www.docker.com}
}

@Misc{www-docker-compose,
  title =	 {Docker Compose},
  url =		 {https://docs.docker.com/compose/},
  month =	 dec,
  year =	 2020,
}

@Misc{www-kompose,
  author =	 {{Docker}},
  title =	 {Translate a Docker Compose File to Kubernetes
                  Resources},
  url =
                  {https://kubernetes.io/docs/tools/kompose/user-guide/},
  month =	 dec,
  year =	 2020,
}

@Misc{www-heat,
  title =	 {Openstack Heat},
  url =		 {https://wiki.openstack.org/wiki/Heat},
  month =	 dec,
  year =	 2020,
}

@Manual{las18handbook,
  author =	 {Gregor von Laszewski and Geoffrey C. Fox and Judy
                  Qiu},
  title =	 {Handbook of Clouds and Big Data -- Theory and
                  Practice},
  institution =	 {Indiana University},
  year =	 2018,
  edition =	 2,
  address =	 {Bloomington, IN 47408},
  month =	 apr,
  url =
                  {http://cyberaide.org/papers/vonLaszewski-bigdata.pdf}
}

@Misc{www-spark-rdd,
  title =	 {Apache Spark - Resilient Distributed Datasets},
  url =
                  {https://www.tutorialspoint.com/apache_spark/apache_spark_rdd.htm}
}

@Misc{www-yarn,
  title =	 {YARN},
  url =		 {https://www.nomadproject.io/intro/vs/yarn.html},
  month =	 dec,
  year =	 2020,
}

@Misc{www-nomad,
  title =	 {Nomad},
  url =		 {https://www.nomadproject.io/intro/index.html},
  month =	 dec,
  year =	 2020,
}

@Misc{www-marathon,
  title =	 {Marathon: A container orchestration platform for
                  Mesos and DC/OS },
  url =		 {https://mesosphere.github.io/marathon/},
  month =	 dec,
  year =	 2020,
}

@Misc{www-aurora,
  author =	 {{Apache}},
  title =	 {Aurora},
  url =		 {http://aurora.apache.org/},
  month =	 dec,
  year =	 2020,
}

@misc{www-hadoop,
  author =	 {{Apache}},
  title =	 {{Hadoop}},
  year =	 2020,
  month =	 dec,
  url =		 {https://hadoop.apache.org}
}

@misc{www-spark,
  author =	 {{Apache}},
  title =	 {{Spark - Unified Analytics Engine for Big Data}},
  year =	 2020,
  month =	 sep,
  url =		 {https://spark.apache.org}
}

@Misc{www-aws,
  title =	 {Amazon Web Services},
  author =	 {{Amazon}},
  howpublished = {Web Page},
  note =	 {Accessed: 04/2018},
  year =	 2017,
  url =		 {https://aws.amazon.com}
}

@Misc{www-azure,
  author =	 {{Microsoft}},
  title =	 {Azure},
  url =		 {https://azure.microsoft.com},
  month =	 dec,
  year =	 2020,
}

@Misc{www-openStack,
  title =	 {OpenStack},
  author =	 {Rackspace Hosting, NASA},
  howpublished = {Web Page},
  key =		 {OpenStack},
  url =		 {https://www.openstack.org/},
  month =	 dec,
  year =	 2020,
}

@Misc{openapi-tools,
  title =	 {OpenAPI Tools},
  key =		 {openapi-tools},
  url =
                  {https://github.com/OAI/OpenAPI-Specification/blob/master/IMPLEMENTATIONS.md},
  authors =	 {Darrel Miller, Jason Harmon, Jeremy Whitlock, Kris
                  Hahn, Marsh Gardiner, Mike Ralphson, Rob Dolin, Ron
                  Ratovsky, Tony Tam},
  month =	 dec,
  year =	 2020,
}

@Misc{www-swagger-editor,
  title =	 {Swagger Editor},
  url =		 {http://editor.swagger.io/},
  month =	 dec,
  year =	 2020,
}

@Misc{www-swagger-testing,
  title =	 {Swagger Inspector},
  url =		 {https://swagger.io/swagger-inspector/},
  month =	 dec,
  year =	 2020,
}

@Misc{www-swagger-codegen,
  author =	 {{Swagger}},
  title =	 {Codegen},
  url =		 {https://github.com/swagger-api/swagger-codegen},
  month =	 dec,
  year =	 2020,
}

@misc{www-swagger-codegen-doc,
  key =		 {swagger},
  title =	 {Swagger Documentation},
  url =
                  {https://swagger.io/docs/open-source-tools/swagger-codegen/},
  month =	 dec,
  year =	 2020,
}

@misc{www-swagger,
  author =	 {{swagger.io}},
  title =	 {Swagger API Documentation and Design Tools for
                  Teams},
  url =		 {https://swagger.io/},
  month =	 dec,
  year =	 2020,
}

@Misc{rest-collection,
  author =	 {Yos Riady},
  title =	 {HTTP API Development Tools},
  url =		 {https://github.com/yosriady/api-development-tools},
  month =	 dec,
  year =	 2020,
}

@Misc{openapi,
  author =	 {{OpenAPI}},
  title =	 {OpenAPI Specification},
  url =		 {https://www.openapis.org/},
  month =	 dec,
  year =	 2020,
}

@Misc{raml,
  title =	 {RAML},
  url =		 {https://raml.org/},
  month =	 dec,
  year =	 2020,
}

@Misc{json-schema,
  title =	 {JSON Schema},
  url =		 {http://json-schema.org/},
  month =	 dec,
  year =	 2020,
}

@Misc{api-blueprint,
  title =	 {API Blueprint},
  url =		 {https://apiblueprint.org/},
  month =	 dec,
  year =	 2020,
}

@techreport{nist-v1,
  title =	 {NIST Big Data Interoperability Framework: Volume 1,
                  Definitions},
  author =	 {Chang, Wo L},
  url =
                  {https://nvlpubs.nist.gov/nistpubs/SpecialPublications/NIST.SP.1500-1.pdf},
  institution =	 {NIST},
  year =	 2015
}

@techreport{nist-v2,
  title =	 {NIST Big Data Interoperability Framework: Volume 2,
                  Big Data Taxonomies},
  author =	 {Chang, Wo L},
  url =
                  {https://nvlpubs.nist.gov/nistpubs/SpecialPublications/NIST.SP.1500-2.pdf},
  institution =	 {NIST},
  year =	 2015
}

@techreport{nist-v3,
  institution =	 {NIST},
  title =	 {NIST Big Data Interoperability Framework: Volume 3,
                  Use Cases and General Requirements},
  author =	 {Chang, Wo L},
  url =
                  {https://nvlpubs.nist.gov/nistpubs/SpecialPublications/NIST.SP.1500-3.pdf},
  year =	 2015
}

@techreport{nist-v4,
  institution =	 {NIST},
  title =	 {NIST Big Data Interoperability Framework: Volume 4,
                  Security and Privacy},
  author =	 {Chang, Wo L},
  url =
                  {https://nvlpubs.nist.gov/nistpubs/SpecialPublications/NIST.SP.1500-4.pdf},
  year =	 2015
}

@techreport{nist-v5,
  institution =	 {NIST},
  title =	 {NIST Big Data Interoperability Framework: Volume 5,
                  Architectures White Paper Survey},
  author =	 {Chang, Wo L},
  url =
                  {https://nvlpubs.nist.gov/nistpubs/SpecialPublications/NIST.SP.1500-5.pdf},
  year =	 2015
}

@techreport{nist-v6,
  institution =	 {NIST},
  title =	 {NIST Big Data Interoperability Framework: Volume 6,
                  Reference Architecture},
  author =	 {Chang, Wo L},
  url =
                  {https://nvlpubs.nist.gov/nistpubs/SpecialPublications/NIST.SP.1500-6.pdf},
  year =	 2015
}

@techreport{nist-v7,
  institution =	 {NIST},
  title =	 {NIST Big Data Interoperability Framework: Volume 7,
                  Standards Roadmap},
  author =	 {Chang, Wo L},
  url =
                  {https://nvlpubs.nist.gov/nistpubs/SpecialPublications/NIST.SP.1500-7.pdf},
  year =	 2015
}

@techreport{nist-v8,
  institution =	 {NIST},
  title =	 {NIST Big Data Interoperability Framework: Volume 8,
                  Reference Architecture Interface},
  author =	 {Gregor von Laszewski and Chang, Wo L},
  url =
                  {https://nvlpubs.nist.gov/nistpubs/SpecialPublications/NIST.SP.1500-9r1.pdf},
  year =	 2019,
  month =	 oct
}

@techreport{nist-v9,
  institution =	 {NIST},
  title =	 {NIST Big Data Interoperability Framework: Volume 9:
                  Modernization and Adoption},
  author =	 {Chang, Wo L},
  url =
                  {https://nvlpubs.nist.gov/nistpubs/SpecialPublications/NIST.SP.1500-10r1.pdf},
  year =	 2019,
  month =	 oct
}

@Manual{las-handbook,
  title =	 {Handbook of Clouds and Big Data},
  author =	 {Gregor von Laszewski and Geoffrey C. Fox and Judy
                  Qiu},
  organization = {Indiana University},
  address =	 {Bloomington, IN 47408},
  edition =	 2,
  month =	 apr,
  year =	 2018,
  url =
                  {http://cyberaide.org/papers/vonLaszewski-bigdata.pdf}
}

@Misc{chameleon-cloud,
  key =		 {chameleon},
  title =	 {Chameleon Cloud},
  author =	 {Kate Keahey and Jason Anderson and Haryadi S. Gunawi
                  and Joe Mambretti and Paul Ruth and Dan Stanzione},
  howpublished = {Web Page},
  url =		 {http://chameleoncloud.org},
  month =	 dec,
  year =	 2020,
}

@Misc{cloudmesh-client,
  key =		 {Cloudmesh Client},
  title =	 {Cloudmesh Client},
  url =		 {https://github.com/cloudmesh/client},
  month =	 dec,
  year =	 2020,
}

@Misc{bigdata-stack-2,
  key =		 {Big Data Analytics Stack},
  title =	 {Big Data Analytics Stack},
  author =	 {Badi Abdul-Wahid and Augustine Joseph and von
                  Laszewski, Gregor  and Srivatsav Kandagatla},
  url =		 {https://github.com/futuresystems/big-data-stack},
  month =	 dec,
  year =	 2020,
}

@Misc{bigdata-stack-1,
  key =		 {Big Data Analytics Stack},
  title =	 {Big Data Analytics Stack},
  author =	 {Badi Abdul-Wahid, Augustine Joseph, von
                  Laszewski, Gregor  and Srivatsav Kandagatla},
  url =		 {https://github.com/futuresystems/big-data-stack},
  month =	 dec,
  year =	 2020,
}

@Misc{www-ansible,
  key =		 {ansible},
  title =	 {ansible},
  url =		 {https://www.ansible.com},
  month =	 dec,
  year =	 2020,
}

@misc{www-google,
  key =		 {Cloud Computing Services | Google Cloud},
  title =	 {Cloud Computing Services | Google Cloud},
  author =	 {{Google Staff}},
  howpublished = {Web Page},
  url =		 {https://cloud.google.com},
  month =	 dec,
  year =	 2020,
}

@misc{google-colab,
  key =		 {Google Colaboratory},
  title =	 {Google Colaboratory},
  howpublished = {Web Page},
  url =
                  {https://colab.research.google.com/notebooks/intro.ipynb},
  month =	 dec,
  year =	 2020,
}

@misc{pi-power,
  author =	 {Jeff Geerling},
  title =	 {{Power Consumption Benchmarks: Raspberry Pi
                  Dramble}},
  howpublished = {Web Page},
  year =	 2020,
  month =	 {Sep},
  url =
                  {https://www.pidramble.com/wiki/benchmarks/power-consumption}
}

@misc{indiana-energy,
  author =	 {Indiana Energy Association},
  title =	 {{Electricity Prices of Indiana Energy: Why are
                  Electric Costs Increasing?}},
  journal =	 {Indiana Energy},
  year =	 2019,
  month =	 {Jun},
  url =
                  {https://indianaenergy.org/why-are-electric-costs-increasing-electricity-prices}
}
